
<record>
  <controlfield tag="001">541711</controlfield>
  <datafield tag="035" ind1=" " ind2=" ">
    <subfield code="9">SPIRESTeX</subfield>
    <subfield code="a">Aulchenko:2000mr</subfield>
  </datafield>
  <datafield tag="037" ind1=" " ind2=" ">
    <subfield code="a">BUDKER-INP-2000-35</subfield>
  </datafield>
  <datafield tag="245" ind1=" " ind2=" ">
    <subfield code="a">Study of the Reactions e+ e- ---&gt; omega pi0 and e+ e- ---&gt; pi0 pi0 gamma with SND Detector at VEPP-2M</subfield>
  </datafield>
</record>

</collection>